/home/chevrefeuille/Documents/bibtex/pfe.bib